<?xml version="1.0" encoding="UTF-8"?><record xmlns="http://www.loc.gov/MARC21/slim" xmlns:cinclude="http://apache.org/cocoon/include/1.0" xmlns:zs="http://www.loc.gov/zing/srw/">
  <leader>00702nz  a2200181n  4500</leader>
  <controlfield tag="001">no2015093426</controlfield>
  <controlfield tag="003">DLC</controlfield>
  <controlfield tag="005">20150717073543.0</controlfield>
  <controlfield tag="008">150716n| azannaabn          |n ana     c</controlfield>
  <datafield tag="010" ind1=" " ind2=" ">
    <subfield code="a">no2015093426</subfield>
  </datafield>
  <datafield tag="034" ind1=" " ind2=" ">
    <subfield code="d">W0913300</subfield>
    <subfield code="e">W0913300</subfield>
    <subfield code="f">N0144900</subfield>
    <subfield code="g">N0144900</subfield>
    <subfield code="2">geonet</subfield>
  </datafield>
  <datafield tag="035" ind1=" " ind2=" ">
    <subfield code="a">(OCoLC)oca10219067</subfield>
  </datafield>
  <datafield tag="040" ind1=" " ind2=" ">
    <subfield code="a">MH-P</subfield>
    <subfield code="b">eng</subfield>
    <subfield code="e">rda</subfield>
    <subfield code="c">MH-P</subfield>
  </datafield>
  <datafield tag="043" ind1=" " ind2=" ">
    <subfield code="a">ncgt---</subfield>
  </datafield>
  <datafield tag="151" ind1=" " ind2=" ">
    <subfield code="a">Xecaracoj (Guatemala)</subfield>
  </datafield>
  <datafield tag="670" ind1=" " ind2=" ">
    <subfield code="a">Vega Arango, Adán. Estudio etnográfico de Xecaroj, 1967:</subfield>
    <subfield code="b">title page (Xecaracoj) page 19 (Xecaracoj is a rural community in the municipio of Quetzaltenango)</subfield>
  </datafield>
  <datafield tag="670" ind1=" " ind2=" ">
    <subfield code="a">GEONET, viewed July 15, 2015</subfield>
    <subfield code="b">(Xecaracoj, ppl in Quetzaltenango, Guatemala, 14°49ʹN 91°33ʹW)</subfield>
  </datafield>
  <datafield tag="781" ind1=" " ind2="0">
    <subfield code="z">Guatemala</subfield>
    <subfield code="z">Xecaracoj</subfield>
  </datafield>
</record>